51801	0.153846153846
26227	0.111111111111
4778	0.0909090909091
9699	0.0909090909091
9938	0.0909090909091
10986	0.0909090909091
10997	0.0909090909091
12100	0.0909090909091
12870	0.0909090909091
15443	0.0909090909091
15919	0.0909090909091
21000	0.0909090909091
22393	0.0909090909091
24319	0.0909090909091
26488	0.0909090909091
27362	0.0909090909091
29548	0.0909090909091
34223	0.0909090909091
36769	0.0909090909091
45102	0.0909090909091
45553	0.0909090909091
46271	0.0909090909091
55987	0.0909090909091
56522	0.0909090909091
57019	0.0909090909091
61227	0.0909090909091
1320	0.0833333333333
1596	0.0833333333333
1933	0.0833333333333
4262	0.0833333333333
7272	0.0833333333333
8434	0.0833333333333
14064	0.0833333333333
15658	0.0833333333333
16261	0.0833333333333
20370	0.0833333333333
23403	0.0833333333333
26150	0.0833333333333
35682	0.0833333333333
37448	0.0833333333333
38092	0.0833333333333
42673	0.0833333333333
42911	0.0833333333333
53078	0.0833333333333
54507	0.0833333333333
54762	0.0833333333333
55647	0.0833333333333
57945	0.0833333333333
60567	0.0833333333333
1073	0.0769230769231
6011	0.0769230769231
10509	0.0769230769231
17219	0.0769230769231
18157	0.0769230769231
19108	0.0769230769231
19502	0.0769230769231
20535	0.0769230769231
20558	0.0769230769231
23298	0.0769230769231
24996	0.0769230769231
26220	0.0769230769231
26607	0.0769230769231
29368	0.0769230769231
29809	0.0769230769231
32326	0.0769230769231
40852	0.0769230769231
46655	0.0769230769231
47390	0.0769230769231
47641	0.0769230769231
56469	0.0769230769231
58179	0.0769230769231
59551	0.0769230769231
1688	0.0714285714286
4373	0.0714285714286
5139	0.0714285714286
5443	0.0714285714286
5555	0.0714285714286
8569	0.0714285714286
10648	0.0714285714286
15051	0.0714285714286
18664	0.0714285714286
20151	0.0714285714286
25577	0.0714285714286
27122	0.0714285714286
27210	0.0714285714286
29221	0.0714285714286
33974	0.0714285714286
39552	0.0714285714286
44226	0.0714285714286
44906	0.0714285714286
45806	0.0714285714286
59699	0.0714285714286
1551	0.0666666666667
6535	0.0666666666667
11647	0.0666666666667
13213	0.0666666666667
15871	0.0666666666667
17197	0.0666666666667
18080	0.0666666666667
21269	0.0666666666667
22185	0.0666666666667
26132	0.0666666666667
26337	0.0666666666667
26819	0.0666666666667
29832	0.0666666666667
31223	0.0666666666667
31640	0.0666666666667
43123	0.0666666666667
43273	0.0666666666667
43309	0.0666666666667
46212	0.0666666666667
48736	0.0666666666667
49931	0.0666666666667
49948	0.0666666666667
53274	0.0666666666667
60126	0.0666666666667
3671	0.0625
4115	0.0625
4258	0.0625
10298	0.0625
11757	0.0625
30423	0.0625
32993	0.0625
33703	0.0625
41295	0.0625
44846	0.0625
47947	0.0625
48260	0.0625
50726	0.0625
52039	0.0625
53439	0.0625
61236	0.0625
9655	0.0588235294118
13010	0.0588235294118
13677	0.0588235294118
15175	0.0588235294118
15205	0.0588235294118
21487	0.0588235294118
26770	0.0588235294118
28526	0.0588235294118
29414	0.0588235294118
30200	0.0588235294118
31273	0.0588235294118
33674	0.0588235294118
40362	0.0588235294118
41852	0.0588235294118
43316	0.0588235294118
43427	0.0588235294118
45092	0.0588235294118
45618	0.0588235294118
855	0.0555555555556
1127	0.0555555555556
11641	0.0555555555556
12108	0.0555555555556
14127	0.0555555555556
14213	0.0555555555556
15140	0.0555555555556
22344	0.0555555555556
29685	0.0555555555556
33389	0.0555555555556
38677	0.0555555555556
51948	0.0555555555556
60222	0.0555555555556
38600	0.0540540540541
3100	0.0526315789474
4817	0.0526315789474
10314	0.0526315789474
10875	0.0526315789474
11915	0.0526315789474
23344	0.0526315789474
27610	0.0526315789474
28202	0.0526315789474
30592	0.0526315789474
33147	0.0526315789474
33156	0.0526315789474
39172	0.0526315789474
41561	0.0526315789474
41709	0.0526315789474
41977	0.0526315789474
42694	0.0526315789474
43191	0.0526315789474
44450	0.0526315789474
46103	0.0526315789474
48916	0.0526315789474
49834	0.0526315789474
50207	0.0526315789474
6685	0.0512820512821
6638	0.05
8782	0.05
10591	0.05
18050	0.05
24003	0.05
30318	0.05
35706	0.05
36887	0.05
40109	0.05
42255	0.05
43068	0.05
48008	0.05
50375	0.05
51236	0.05
52650	0.05
53033	0.05
53107	0.05
54610	0.05
59289	0.05
60017	0.05
32962	0.0487804878049
2294	0.047619047619
5179	0.047619047619
14982	0.047619047619
15543	0.047619047619
18061	0.047619047619
20036	0.047619047619
20724	0.047619047619
21907	0.047619047619
24935	0.047619047619
38855	0.047619047619
42563	0.047619047619
42600	0.047619047619
44835	0.047619047619
45795	0.047619047619
56032	0.047619047619
60645	0.047619047619
61261	0.047619047619
42431	0.046511627907
51751	0.046511627907
713	0.0454545454545
718	0.0454545454545
2412	0.0454545454545
18395	0.0454545454545
22156	0.0454545454545
27304	0.0454545454545
28022	0.0454545454545
33886	0.0454545454545
35121	0.0454545454545
36546	0.0454545454545
37354	0.0454545454545
38033	0.0454545454545
43546	0.0454545454545
47316	0.0454545454545
52168	0.0454545454545
52541	0.0454545454545
52593	0.0454545454545
59803	0.0454545454545
60271	0.0454545454545
2861	0.0444444444444
2068	0.0434782608696
3155	0.0434782608696
8166	0.0434782608696
20697	0.0434782608696
21992	0.0434782608696
27428	0.0434782608696
28083	0.0434782608696
28605	0.0434782608696
39491	0.0434782608696
40176	0.0434782608696
42536	0.0434782608696
50909	0.0434782608696
51431	0.0434782608696
57495	0.0434782608696
4840	0.0425531914894
1225	0.0416666666667
1554	0.0416666666667
9960	0.0416666666667
12769	0.0416666666667
16094	0.0416666666667
16139	0.0416666666667
24148	0.0416666666667
24864	0.0416666666667
30452	0.0416666666667
36242	0.0416666666667
39434	0.0416666666667
41995	0.0416666666667
42815	0.0416666666667
50919	0.0416666666667
53354	0.0416666666667
56487	0.0416666666667
58107	0.0416666666667
5403	0.04
5758	0.04
7262	0.04
7696	0.04
12686	0.04
19630	0.04
20622	0.04
21103	0.04
21705	0.04
24865	0.04
29783	0.04
43485	0.04
51433	0.04
1052	0.0384615384615
2257	0.0384615384615
5703	0.0384615384615
9621	0.0384615384615
10377	0.0384615384615
34341	0.0384615384615
41967	0.0384615384615
45069	0.0384615384615
52810	0.0384615384615
607	0.037037037037
4759	0.037037037037
6003	0.037037037037
24897	0.037037037037
27424	0.037037037037
28715	0.037037037037
28816	0.037037037037
37864	0.037037037037
39374	0.037037037037
41966	0.037037037037
56087	0.037037037037
38564	0.0363636363636
11536	0.0357142857143
11555	0.0357142857143
17615	0.0357142857143
19334	0.0357142857143
21841	0.0357142857143
23692	0.0357142857143
24221	0.0357142857143
26061	0.0357142857143
27104	0.0357142857143
35783	0.0357142857143
41949	0.0357142857143
52087	0.0357142857143
60069	0.0357142857143
61231	0.0357142857143
35316	0.0350877192982
1979	0.0344827586207
6802	0.0344827586207
10139	0.0344827586207
10365	0.0344827586207
22425	0.0344827586207
24079	0.0344827586207
25015	0.0344827586207
25290	0.0344827586207
26941	0.0344827586207
27294	0.0344827586207
32162	0.0344827586207
34375	0.0344827586207
45032	0.0344827586207
48630	0.0344827586207
51789	0.0344827586207
13403	0.0338983050847
25466	0.0338983050847
1016	0.0333333333333
6010	0.0333333333333
8127	0.0333333333333
16836	0.0333333333333
31636	0.0333333333333
31858	0.0333333333333
35051	0.0333333333333
42999	0.0333333333333
51167	0.0333333333333
51535	0.0333333333333
51679	0.0333333333333
51970	0.0333333333333
52429	0.0333333333333
3461	0.0322580645161
5408	0.0322580645161
6399	0.0322580645161
8406	0.0322580645161
13998	0.0322580645161
15043	0.0322580645161
15733	0.0322580645161
19921	0.0322580645161
24406	0.0322580645161
27047	0.0322580645161
27223	0.0322580645161
32386	0.0322580645161
32844	0.0322580645161
35220	0.0322580645161
38970	0.0322580645161
40585	0.0322580645161
49745	0.0322580645161
51016	0.0322580645161
51260	0.0322580645161
59512	0.0322580645161
59985	0.0322580645161
5106	0.031746031746
11550	0.031746031746
2404	0.03125
3568	0.03125
7512	0.03125
7678	0.03125
9409	0.03125
11785	0.03125
17695	0.03125
19118	0.03125
25710	0.03125
41591	0.03125
42070	0.03125
43725	0.03125
44030	0.03125
51119	0.03125
52296	0.03125
60131	0.03125
1542	0.030303030303
15788	0.030303030303
16148	0.030303030303
18737	0.030303030303
35211	0.030303030303
35501	0.030303030303
40321	0.030303030303
48070	0.030303030303
52604	0.030303030303
4309	0.0294117647059
11421	0.0294117647059
20438	0.0294117647059
22264	0.0294117647059
22915	0.0294117647059
24069	0.0294117647059
26940	0.0294117647059
32422	0.0294117647059
33110	0.0294117647059
34005	0.0294117647059
34768	0.0294117647059
38654	0.0294117647059
40313	0.0294117647059
41667	0.0294117647059
42744	0.0294117647059
51759	0.0294117647059
8970	0.0285714285714
9607	0.0285714285714
11812	0.0285714285714
13135	0.0285714285714
27031	0.0285714285714
30976	0.0285714285714
30978	0.0285714285714
32228	0.0285714285714
38678	0.0285714285714
39190	0.0285714285714
40307	0.0285714285714
41193	0.0285714285714
41818	0.0285714285714
42112	0.0285714285714
42379	0.0285714285714
43462	0.0285714285714
59784	0.0285714285714
12280	0.0281690140845
390	0.0277777777778
1580	0.0277777777778
3516	0.0277777777778
3797	0.0277777777778
21516	0.0277777777778
31436	0.0277777777778
39233	0.0277777777778
43588	0.0277777777778
47601	0.0277777777778
53136	0.0277777777778
60130	0.0277777777778
1049	0.027027027027
2287	0.027027027027
15881	0.027027027027
19803	0.027027027027
25156	0.027027027027
31756	0.027027027027
40620	0.027027027027
41586	0.027027027027
41911	0.027027027027
52887	0.027027027027
14527	0.0266666666667
268	0.0263157894737
555	0.0263157894737
777	0.0263157894737
4395	0.0263157894737
5412	0.0263157894737
7476	0.0263157894737
11569	0.0263157894737
18336	0.0263157894737
27232	0.0263157894737
30261	0.0263157894737
34179	0.0263157894737
34360	0.0263157894737
41777	0.0263157894737
43101	0.0263157894737
43287	0.0263157894737
51207	0.0263157894737
51233	0.0263157894737
51494	0.0263157894737
53276	0.0263157894737
59236	0.0263157894737
29005	0.025974025974
11063	0.025641025641
13707	0.025641025641
15717	0.025641025641
17069	0.025641025641
23658	0.025641025641
35059	0.025641025641
41185	0.025641025641
42300	0.025641025641
42345	0.025641025641
50343	0.025641025641
51106	0.025641025641
51835	0.025641025641
52557	0.025641025641
56812	0.025641025641
60338	0.025641025641
52613	0.0253164556962
1304	0.025
5162	0.025
12199	0.025
14003	0.025
18441	0.025
23456	0.025
29409	0.025
31010	0.025
41510	0.025
42030	0.025
47335	0.025
51418	0.025
403	0.0243902439024
18399	0.0243902439024
23281	0.0243902439024
24957	0.0243902439024
35841	0.0243902439024
41558	0.0243902439024
42199	0.0243902439024
42283	0.0243902439024
50642	0.0243902439024
51398	0.0243902439024
59691	0.0243902439024
3512	0.0238095238095
20157	0.0238095238095
21489	0.0238095238095
41196	0.0238095238095
42085	0.0238095238095
51205	0.0238095238095
52291	0.0238095238095
56	0.0232558139535
566	0.0232558139535
3025	0.0232558139535
6792	0.0232558139535
14347	0.0232558139535
17053	0.0232558139535
19301	0.0232558139535
20526	0.0232558139535
22563	0.0232558139535
35967	0.0232558139535
48084	0.0232558139535
52383	0.0231213872832
41711	0.0229885057471
2150	0.0227272727273
5554	0.0227272727273
7310	0.0227272727273
14214	0.0227272727273
20439	0.0227272727273
29626	0.0227272727273
36548	0.0227272727273
41215	0.0227272727273
41615	0.0227272727273
44111	0.0227272727273
50482	0.0227272727273
61040	0.0227272727273
6353	0.0224719101124
6542	0.0224719101124
1345	0.0222222222222
2712	0.0222222222222
3828	0.0222222222222
3949	0.0222222222222
6217	0.0222222222222
11186	0.0222222222222
13261	0.0222222222222
25885	0.0222222222222
31041	0.0222222222222
51979	0.0222222222222
167	0.0217391304348
4919	0.0217391304348
9130	0.0217391304348
12928	0.0217391304348
19840	0.0217391304348
24067	0.0217391304348
28542	0.0217391304348
41283	0.0217391304348
45776	0.0217391304348
50912	0.0217391304348
59548	0.0217391304348
17922	0.0215053763441
24164	0.0215053763441
1584	0.0212765957447
2211	0.0212765957447
5135	0.0212765957447
14617	0.0212765957447
16192	0.0212765957447
30782	0.0212765957447
30967	0.0212765957447
35972	0.0212765957447
43461	0.0212765957447
52089	0.0212765957447
2129	0.0208333333333
2480	0.0208333333333
4221	0.0208333333333
5880	0.0208333333333
9721	0.0208333333333
9822	0.0208333333333
11726	0.0208333333333
13770	0.0208333333333
18290	0.0208333333333
24031	0.0208333333333
24099	0.0208333333333
32589	0.0208333333333
39663	0.0208333333333
40862	0.0208333333333
41051	0.0208333333333
41763	0.0208333333333
46674	0.0208333333333
47012	0.0208333333333
50991	0.0208333333333
22170	0.020618556701
3309	0.0204081632653
13332	0.0204081632653
15127	0.0204081632653
17139	0.0204081632653
38273	0.0204081632653
41009	0.0204081632653
42044	0.0204081632653
47638	0.0204081632653
48701	0.0204081632653
53093	0.0204081632653
58837	0.0204081632653
11172	0.0201342281879
3093	0.02
17152	0.02
29317	0.02
31909	0.02
33627	0.02
34522	0.02
42197	0.02
42349	0.02
2544	0.019801980198
4983	0.0196078431373
6958	0.0196078431373
7482	0.0196078431373
16944	0.0196078431373
22946	0.0196078431373
26191	0.0196078431373
31169	0.0196078431373
37936	0.0196078431373
43679	0.0196078431373
45068	0.0196078431373
48981	0.0196078431373
51020	0.0196078431373
51023	0.0196078431373
52367	0.0196078431373
33775	0.0194174757282
14276	0.0192307692308
35152	0.0192307692308
36356	0.0192307692308
41149	0.0192307692308
41485	0.0192307692308
44704	0.0192307692308
56324	0.0192307692308
61173	0.0192307692308
41250	0.0191082802548
35551	0.0190476190476
5649	0.0188679245283
23117	0.0188679245283
23648	0.0188679245283
25140	0.0188679245283
32889	0.0188679245283
41255	0.0188679245283
51057	0.0188679245283
644	0.0185185185185
3427	0.0185185185185
5458	0.0185185185185
10369	0.0185185185185
27113	0.0185185185185
30272	0.0185185185185
41205	0.0185185185185
51297	0.0185185185185
52156	0.0185185185185
61245	0.0185185185185
16943	0.0181818181818
36379	0.0181818181818
41212	0.0181818181818
41625	0.0181818181818
43238	0.0181818181818
51474	0.0181818181818
1712	0.0178571428571
2611	0.0178571428571
16958	0.0178571428571
34165	0.0178571428571
41297	0.0178571428571
41914	0.0178571428571
52056	0.0178571428571
59908	0.0178571428571
982	0.0175438596491
1673	0.0175438596491
5626	0.0175438596491
7722	0.0175438596491
11404	0.0175438596491
18688	0.0175438596491
22247	0.0175438596491
27282	0.0175438596491
30252	0.0175438596491
35708	0.0175438596491
38063	0.0175438596491
42474	0.0175438596491
43086	0.0175438596491
51200	0.0175438596491
56118	0.0175438596491
60486	0.0175438596491
3925	0.0172413793103
7466	0.0172413793103
16913	0.0172413793103
17734	0.0172413793103
24810	0.0172413793103
33792	0.0172413793103
59527	0.0172413793103
11776	0.0171428571429
20647	0.0169491525424
34785	0.0169491525424
43171	0.0169491525424
51805	0.0169491525424
51918	0.0169491525424
52265	0.0169491525424
11766	0.0166666666667
16963	0.0166666666667
25383	0.0166666666667
30952	0.0166666666667
32917	0.0166666666667
33680	0.0166666666667
55981	0.0166666666667
113	0.016393442623
1228	0.016393442623
1269	0.016393442623
1533	0.016393442623
4405	0.016393442623
4668	0.016393442623
9309	0.016393442623
11556	0.016393442623
22252	0.016393442623
22573	0.016393442623
28452	0.016393442623
29680	0.016393442623
29822	0.016393442623
51462	0.016393442623
52057	0.016393442623
5368	0.0161290322581
19292	0.0161290322581
32931	0.0161290322581
34670	0.0161290322581
41150	0.0161290322581
41607	0.0161290322581
52128	0.0161290322581
52132	0.0161290322581
15730	0.015873015873
20676	0.015873015873
28721	0.015873015873
36112	0.015873015873
41117	0.015873015873
41616	0.015873015873
42626	0.015873015873
50941	0.0157480314961
53	0.015625
2578	0.015625
4289	0.015625
13338	0.015625
17735	0.015625
31608	0.015625
41075	0.015625
41298	0.015625
51157	0.015625
41102	0.0155440414508
29543	0.015503875969
51054	0.015503875969
8739	0.0153846153846
29401	0.0153846153846
34691	0.0153846153846
46509	0.0153846153846
12421	0.0151515151515
12838	0.0151515151515
14126	0.0151515151515
41273	0.0151515151515
43251	0.0151515151515
46211	0.0151515151515
51164	0.0151515151515
52034	0.0151515151515
53329	0.0151515151515
830	0.0149253731343
4074	0.0149253731343
35467	0.0149253731343
38375	0.0149253731343
41022	0.0149253731343
41397	0.0149253731343
41890	0.0149253731343
51037	0.0149253731343
52581	0.0149253731343
52666	0.0149253731343
52876	0.0149253731343
4075	0.0147058823529
6315	0.0147058823529
15870	0.0147058823529
20345	0.0147058823529
24468	0.0147058823529
29010	0.0147058823529
37592	0.0147058823529
52345	0.0147058823529
4706	0.0146341463415
41171	0.0146341463415
50885	0.0146341463415
3178	0.0144927536232
26233	0.0144927536232
29530	0.0144927536232
35148	0.0144927536232
41262	0.0144927536232
52777	0.0144927536232
52890	0.0144927536232
7295	0.0142857142857
21307	0.0142857142857
25700	0.0142857142857
52020	0.0142857142857
57430	0.0142857142857
59792	0.0142857142857
23275	0.0140845070423
30209	0.0140845070423
41620	0.0140845070423
52841	0.0140845070423
36594	0.013986013986
2816	0.0138888888889
15917	0.0138888888889
17346	0.0138888888889
20996	0.0138888888889
30085	0.0138888888889
38661	0.0138888888889
42556	0.0138888888889
51589	0.0138888888889
3684	0.013698630137
4128	0.013698630137
5164	0.013698630137
41244	0.013698630137
51105	0.013698630137
61411	0.013698630137
38519	0.0136054421769
41073	0.0136054421769
5528	0.0135135135135
26830	0.0135135135135
27707	0.0135135135135
35480	0.0135135135135
43016	0.0135135135135
51380	0.0135135135135
5089	0.0134228187919
41832	0.0134228187919
15354	0.0133333333333
23825	0.0133333333333
33964	0.0133333333333
40973	0.0133333333333
13063	0.0131578947368
18759	0.0131578947368
28042	0.0131578947368
41241	0.0131578947368
41571	0.0131578947368
46558	0.0131578947368
53338	0.0131578947368
32895	0.0130718954248
5754	0.012987012987
6494	0.012987012987
33704	0.012987012987
35630	0.012987012987
35679	0.012987012987
51307	0.012987012987
51884	0.012987012987
51156	0.0129449838188
31882	0.0129310344828
35019	0.0129032258065
51724	0.0128755364807
22873	0.0128205128205
51615	0.0128205128205
51623	0.0128205128205
52981	0.0128205128205
4227	0.0126582278481
18192	0.0126582278481
21575	0.0126582278481
34149	0.0126582278481
37114	0.0126582278481
41348	0.0126582278481
41856	0.0126582278481
44233	0.0126582278481
51940	0.0126582278481
54577	0.0126582278481
283	0.0125
10328	0.0125
18596	0.0125
20629	0.0125
26567	0.0125
31634	0.0125
33780	0.0125
33934	0.0125
34659	0.0125
41775	0.0125
42531	0.0125
41054	0.0124481327801
7509	0.0124223602484
38800	0.0124223602484
26274	0.0123456790123
29366	0.0123456790123
37073	0.0123456790123
59944	0.0123456790123
27387	0.0121951219512
40202	0.0121951219512
43920	0.0121951219512
51290	0.0121951219512
4144	0.0121212121212
25942	0.0121212121212
37409	0.0121212121212
50652	0.0121212121212
12800	0.0120481927711
15542	0.0120481927711
22401	0.0120481927711
43391	0.0120481927711
50871	0.0120481927711
51025	0.0120481927711
41593	0.0119760479042
637	0.0119047619048
3480	0.0119047619048
4867	0.0119047619048
6381	0.0119047619048
16028	0.0119047619048
29067	0.0119047619048
35431	0.0119047619048
19420	0.0117647058824
24358	0.0117647058824
26579	0.0117647058824
29024	0.0117647058824
41249	0.0117647058824
51905	0.0117647058824
53234	0.0117647058824
20527	0.0116959064327
218	0.0116279069767
11888	0.0116279069767
18317	0.0116279069767
28134	0.0116279069767
40752	0.0116279069767
41253	0.0116279069767
40975	0.0115606936416
17686	0.0114942528736
26572	0.0114942528736
51114	0.0114942528736
51250	0.0114942528736
51283	0.0114942528736
1170	0.0114285714286
4398	0.0113636363636
30466	0.0112994350282
1015	0.0112359550562
7739	0.0112359550562
29816	0.0112359550562
41213	0.0112359550562
42810	0.0112359550562
37776	0.0111731843575
39651	0.0111111111111
41694	0.0111111111111
42825	0.0111111111111
52576	0.0111111111111
6573	0.0110497237569
25405	0.0110294117647
2245	0.010989010989
33990	0.010989010989
34105	0.010989010989
49985	0.010989010989
50924	0.010989010989
50913	0.0108695652174
52711	0.0108695652174
59133	0.0108695652174
44456	0.0108108108108
9502	0.010752688172
11886	0.010752688172
12719	0.010752688172
51234	0.010752688172
41417	0.0106761565836
10266	0.0106382978723
18234	0.0106382978723
20752	0.0106382978723
41228	0.0106382978723
41570	0.0106382978723
876	0.0105263157895
913	0.0105263157895
33645	0.0105263157895
42249	0.0105263157895
51892	0.0105263157895
52362	0.0105263157895
4752	0.0104166666667
14303	0.0104166666667
18378	0.0104166666667
41086	0.0104166666667
51869	0.0104166666667
37194	0.0103626943005
2247	0.0103092783505
17066	0.0103092783505
17110	0.0103092783505
22396	0.0103092783505
52283	0.0103092783505
53194	0.0103092783505
2401	0.0102739726027
8159	0.0102040816327
9288	0.0102040816327
11866	0.0102040816327
12484	0.0102040816327
25092	0.0102040816327
51901	0.0102040816327
52357	0.0102040816327
32418	0.010152284264
309	0.010101010101
5023	0.010101010101
10890	0.010101010101
44978	0.010101010101
18699	0.0100334448161
9715	0.01
19922	0.01
20785	0.01
41167	0.01
5419	0.00995024875622
27471	0.00995024875622
9651	0.00990099009901
11378	0.00990099009901
21312	0.00990099009901
33639	0.00990099009901
42555	0.00990099009901
684	0.00980392156863
4929	0.00980392156863
27529	0.00980392156863
55841	0.00980392156863
3515	0.00975609756098
4156	0.00970873786408
4705	0.00970873786408
6369	0.00970873786408
34933	0.00970873786408
41025	0.00970873786408
41137	0.00970873786408
43219	0.00970873786408
51573	0.00970873786408
19695	0.00961538461538
40869	0.00961538461538
7299	0.00958466453674
3077	0.00952380952381
24922	0.00952380952381
41160	0.00952380952381
17764	0.00943396226415
20669	0.00943396226415
24971	0.00943396226415
52521	0.00943396226415
37060	0.00934579439252
43828	0.00934579439252
51429	0.00934579439252
17946	0.0093023255814
8839	0.00925925925926
11250	0.00925925925926
37156	0.00925925925926
39039	0.00925925925926
6330	0.00917431192661
31306	0.00917431192661
44035	0.00917431192661
51011	0.00917431192661
52428	0.00917431192661
10340	0.00909090909091
22238	0.00909090909091
26741	0.00909090909091
41704	0.00909090909091
52697	0.00904977375566
10054	0.00900900900901
19126	0.00900900900901
27225	0.00900900900901
41146	0.00900900900901
41519	0.00900900900901
52368	0.00900900900901
2722	0.00896860986547
50851	0.00896860986547
11871	0.00892857142857
31011	0.00892857142857
40030	0.00892857142857
47430	0.00892857142857
33377	0.00888888888889
8729	0.00884955752212
14275	0.00884955752212
25091	0.00884955752212
41826	0.00884955752212
41894	0.00884955752212
49408	0.00884955752212
59890	0.00884955752212
5221	0.00877192982456
27925	0.00877192982456
29780	0.00877192982456
38818	0.00877192982456
41127	0.00877192982456
44776	0.00877192982456
32811	0.00873362445415
29863	0.00871080139373
2164	0.00862068965517
13829	0.00862068965517
22895	0.00862068965517
26199	0.00862068965517
36494	0.00862068965517
47675	0.00862068965517
21906	0.00857142857143
1328	0.00854700854701
2353	0.00854700854701
3565	0.00854700854701
4876	0.00854700854701
24803	0.00854700854701
30925	0.00854700854701
9104	0.00847457627119
10789	0.00847457627119
40562	0.00847457627119
2927	0.00840336134454
3006	0.00840336134454
6404	0.00840336134454
18641	0.00840336134454
34521	0.00840336134454
33634	0.00837988826816
9753	0.00833333333333
19429	0.00833333333333
25453	0.00833333333333
49392	0.00833333333333
50812	0.00833333333333
4006	0.00826446280992
29990	0.00826446280992
46619	0.00826446280992
48902	0.00826446280992
53001	0.00826446280992
29971	0.00821917808219
83	0.00819672131148
5672	0.00819672131148
11489	0.00819672131148
21252	0.00819672131148
30324	0.00819672131148
34155	0.00819672131148
41411	0.00819672131148
18607	0.00816326530612
2090	0.00813008130081
51689	0.00813008130081
52332	0.00813008130081
53114	0.00813008130081
17711	0.0080971659919
30835	0.0080971659919
7357	0.00806451612903
13098	0.00806451612903
50969	0.00806451612903
4153	0.00802139037433
27934	0.008
40968	0.008
41055	0.008
51666	0.008
6352	0.00793650793651
41194	0.00793650793651
41279	0.00793650793651
42302	0.00793650793651
41018	0.00791556728232
22690	0.00787401574803
39478	0.00787401574803
47050	0.00787401574803
17986	0.0078125
1904	0.0077519379845
32809	0.0077519379845
51281	0.0077519379845
53000	0.0077519379845
761	0.00769230769231
15782	0.00769230769231
27048	0.00769230769231
35920	0.00769230769231
2104	0.00763358778626
3426	0.00763358778626
21550	0.00763358778626
56100	0.00763358778626
11095	0.00757575757576
22798	0.00757575757576
53134	0.00757575757576
20818	0.00753768844221
21734	0.00751879699248
22621	0.00751879699248
35044	0.00751879699248
43785	0.00751879699248
57496	0.00751879699248
21801	0.00746268656716
29818	0.00746268656716
41326	0.00746268656716
41489	0.00746268656716
12830	0.00740740740741
13058	0.00740740740741
36418	0.00740740740741
51225	0.00740740740741
4399	0.00735294117647
6222	0.00735294117647
30793	0.00735294117647
31864	0.00735294117647
41198	0.00735294117647
41468	0.00735294117647
27489	0.00732600732601
28443	0.00732600732601
1113	0.00731707317073
2070	0.00729927007299
6928	0.00729927007299
28750	0.00729927007299
172	0.00724637681159
3139	0.00724637681159
4937	0.00724637681159
38820	0.00724637681159
52555	0.00724637681159
4704	0.00719424460432
51026	0.00719424460432
7390	0.00716845878136
18414	0.00716845878136
28709	0.00714285714286
30828	0.00714285714286
41364	0.00714285714286
51415	0.00714285714286
23337	0.00709219858156
27226	0.00709219858156
40847	0.00709219858156
949	0.00706713780919
862	0.00704225352113
20573	0.00704225352113
38807	0.00704225352113
39874	0.00704225352113
51212	0.00700525394046
15638	0.00699300699301
34254	0.00699300699301
16449	0.00696864111498
3698	0.00694444444444
4513	0.00694444444444
13067	0.00694444444444
27642	0.00694444444444
28156	0.00689655172414
34350	0.00689655172414
40969	0.00689655172414
18278	0.00687285223368
12777	0.00684931506849
17928	0.00684931506849
11519	0.00680272108844
28055	0.00680272108844
41331	0.00680272108844
23244	0.00675675675676
38194	0.00675675675676
16784	0.00671140939597
17483	0.00671140939597
22684	0.00671140939597
35047	0.00671140939597
37111	0.00671140939597
41154	0.0066889632107
5000	0.00666666666667
14833	0.00666666666667
42424	0.00666666666667
52802	0.00666666666667
41042	0.00664451827243
14115	0.00662251655629
46722	0.00662251655629
10248	0.00657894736842
27899	0.00657894736842
51575	0.00657894736842
41332	0.00655021834061
3156	0.00653594771242
13036	0.00653594771242
36364	0.00653594771242
51784	0.00653594771242
2326	0.00650406504065
16209	0.00649350649351
16368	0.00649350649351
17637	0.00649350649351
18129	0.00649350649351
20591	0.00649350649351
32935	0.00649350649351
4137	0.00647948164147
41039	0.00647249190939
3554	0.00645161290323
26059	0.00645161290323
50901	0.00645161290323
2409	0.0064308681672
41058	0.00642398286938
50105	0.00642398286938
28742	0.00641711229947
10089	0.00641025641026
19687	0.00641025641026
33762	0.00641025641026
35199	0.00641025641026
15233	0.00636942675159
23628	0.00636942675159
27125	0.00636942675159
27128	0.00636942675159
34676	0.00636942675159
38987	0.00634920634921
712	0.00632911392405
4413	0.00632911392405
4739	0.00632911392405
12501	0.00632911392405
40989	0.00632911392405
41059	0.00632911392405
3533	0.0062893081761
24606	0.0062893081761
51680	0.0062893081761
16927	0.00626959247649
27527	0.00626959247649
3531	0.0062630480167
46832	0.00625
1628	0.00624219725343
38663	0.00621118012422
39548	0.00617283950617
41015	0.00617283950617
18584	0.00614250614251
2574	0.00613496932515
35360	0.00613496932515
15714	0.00609756097561
18340	0.00609756097561
107	0.00606060606061
13642	0.00606060606061
18815	0.00606060606061
23415	0.00606060606061
30789	0.00606060606061
41355	0.00606060606061
59506	0.00606060606061
7344	0.00602409638554
10157	0.00602409638554
11128	0.00602409638554
17461	0.00602409638554
40972	0.00602409638554
17987	0.00600600600601
16723	0.0059880239521
22805	0.0059880239521
25332	0.0059880239521
3365	0.00598086124402
3729	0.00596421471173
22018	0.00595238095238
40489	0.00595238095238
42954	0.00595238095238
50961	0.00595238095238
3239	0.00591715976331
28810	0.00589970501475
26890	0.00588235294118
33841	0.00588235294118
22579	0.0058651026393
12149	0.00584795321637
2142	0.00583090379009
18701	0.00583090379009
3369	0.00581395348837
31850	0.00581395348837
51485	0.00581395348837
9586	0.00578034682081
20675	0.00578034682081
32087	0.00578034682081
35162	0.00578034682081
40625	0.00578034682081
13660	0.00574712643678
34667	0.00574712643678
52638	0.00574712643678
41034	0.00573065902579
27723	0.00571428571429
28712	0.00571428571429
16935	0.00568181818182
19338	0.00568181818182
28700	0.00568181818182
41040	0.00564971751412
41088	0.00564971751412
4644	0.0056338028169
30802	0.00561797752809
51213	0.00561797752809
775	0.00558659217877
27651	0.00558659217877
30901	0.00558659217877
50760	0.00558659217877
52065	0.00558659217877
4479	0.00555555555556
8724	0.00555555555556
10792	0.00555555555556
30799	0.00552486187845
41546	0.00552486187845
34367	0.00551470588235
38932	0.00550964187328
18813	0.00549450549451
41404	0.00549450549451
42378	0.00549450549451
6689	0.00547945205479
4654	0.0054704595186
18112	0.00546448087432
25047	0.00546448087432
32042	0.0054347826087
39265	0.0054347826087
16917	0.00542005420054
36967	0.00540540540541
50933	0.00540540540541
38822	0.00539083557951
16273	0.00537634408602
21323	0.00537634408602
34073	0.00537634408602
41610	0.00537634408602
2312	0.00534759358289
4675	0.00531914893617
24522	0.00531914893617
25891	0.00531914893617
30982	0.00531914893617
51112	0.00529100529101
41157	0.00526315789474
41227	0.00526315789474
3720	0.00524246395806
26235	0.00523560209424
28407	0.00522648083624
9292	0.00520833333333
16076	0.00520833333333
20630	0.00520833333333
21507	0.00520833333333
29902	0.00520833333333
35514	0.00519480519481
7198	0.00518134715026
23080	0.00518134715026
896	0.00515463917526
2169	0.00515463917526
22524	0.00515463917526
22572	0.00515463917526
23688	0.00515463917526
10987	0.00512820512821
23642	0.00512820512821
18777	0.00511073253833
13317	0.00510204081633
30874	0.00510204081633
29360	0.00507614213198
41085	0.00507614213198
29705	0.00505050505051
7956	0.00502512562814
51697	0.00502512562814
24684	0.00496277915633
10653	0.0049504950495
12824	0.0049504950495
37689	0.0049504950495
14253	0.00493421052632
59604	0.00492610837438
26863	0.00490998363339
40965	0.00489396411093
7175	0.00487804878049
26760	0.00487804878049
4121	0.00485436893204
42328	0.00485436893204
2515	0.00484261501211
4695	0.0048309178744
5056	0.00480769230769
20802	0.00480769230769
28610	0.00480769230769
14716	0.00478468899522
27579	0.00478468899522
39447	0.00478468899522
27525	0.00477326968974
1309	0.00473933649289
3859	0.00473933649289
22971	0.00473933649289
28812	0.00471698113208
1984	0.00470957613815
11165	0.00469483568075
12388	0.00469483568075
41370	0.00469483568075
14750	0.0046674445741
17611	0.0046511627907
20529	0.0046511627907
28405	0.00462427745665
29444	0.00460829493088
53069	0.00456621004566
1361	0.00454545454545
3499	0.00453514739229
51099	0.00452488687783
2787	0.0045045045045
40981	0.0045045045045
13933	0.00448430493274
29852	0.00448430493274
37660	0.00448430493274
10727	0.00446428571429
51721	0.00446428571429
52258	0.00446428571429
23666	0.00445434298441
21331	0.00444444444444
34224	0.00443458980044
45223	0.00440528634361
40977	0.00438596491228
50937	0.00438596491228
631	0.00436681222707
49394	0.00436681222707
253	0.00435729847495
6816	0.00434782608696
14360	0.00434782608696
31879	0.00434782608696
41274	0.00434782608696
2613	0.004329004329
4708	0.004329004329
13960	0.004329004329
29055	0.00429184549356
41329	0.00429184549356
9538	0.00428816466552
11169	0.00428265524625
12423	0.00428265524625
37392	0.00427960057061
4057	0.0042735042735
4900	0.00425531914894
6372	0.00425531914894
28043	0.00425531914894
33495	0.00425531914894
2037	0.004243281471
37169	0.00423728813559
38206	0.00423728813559
1144	0.0042194092827
4390	0.0042194092827
22717	0.0042194092827
34356	0.0042194092827
41270	0.0042194092827
52471	0.0042194092827
4327	0.00420168067227
30805	0.00420168067227
23782	0.00417536534447
51173	0.00416666666667
18205	0.00414937759336
37762	0.00414937759336
30849	0.00411522633745
36392	0.00411522633745
1902	0.00411099691675
31170	0.00409836065574
45139	0.00409836065574
47628	0.00409836065574
22743	0.004095004095
39549	0.0040899795501
50327	0.00408163265306
2	0.00406504065041
39027	0.00406504065041
28155	0.00403225806452
41164	0.00403225806452
4339	0.00401606425703
5768	0.00401606425703
34169	0.00399201596806
3133	0.00398936170213
6803	0.00398406374502
17147	0.00395256916996
23667	0.00395256916996
35847	0.00395256916996
35345	0.00394736842105
37427	0.00393700787402
40984	0.00393700787402
40995	0.00393184796855
4005	0.00392156862745
31312	0.00390625
34920	0.00387596899225
3527	0.003861003861
13318	0.00384615384615
2463	0.00383141762452
26508	0.00383141762452
34199	0.00383141762452
41068	0.00381679389313
26602	0.00381388253242
1048	0.00380228136882
2811	0.00380228136882
40971	0.00380228136882
50944	0.00380228136882
13216	0.00378787878788
31877	0.00377358490566
38080	0.00377358490566
51178	0.00377358490566
9826	0.00376647834275
4578	0.00376344086022
29992	0.00375939849624
39852	0.00375939849624
41095	0.00375939849624
18556	0.00374531835206
38790	0.00374531835206
41208	0.00374531835206
19288	0.00373134328358
29372	0.00373134328358
40334	0.00373134328358
4430	0.00372578241431
2313	0.00371747211896
3312	0.00371747211896
30691	0.00371747211896
33142	0.00371747211896
3116	0.0037037037037
38232	0.0037037037037
32612	0.00369685767098
35021	0.00369003690037
12998	0.003663003663
29739	0.0036496350365
921	0.00363636363636
17771	0.00363636363636
37775	0.00363636363636
4916	0.00362976406534
41016	0.00362844702467
5599	0.0036231884058
17605	0.00361010830325
24017	0.00361010830325
30794	0.00361010830325
18960	0.00360576923077
33887	0.0036036036036
39915	0.0036036036036
41065	0.00359712230216
41705	0.00359712230216
5218	0.00359066427289
1676	0.00358422939068
13952	0.00358422939068
25414	0.00358422939068
17566	0.00357142857143
41061	0.00357142857143
4242	0.00355871886121
40980	0.00355871886121
41583	0.00355871886121
27171	0.00353356890459
5460	0.00352112676056
41368	0.00352112676056
1020	0.00350877192982
2290	0.0034965034965
31400	0.0034965034965
32832	0.0034965034965
38793	0.00348432055749
11746	0.00347222222222
13955	0.00346620450607
29724	0.00346020761246
42609	0.00344827586207
50879	0.00343642611684
3991	0.00342465753425
51006	0.00342465753425
2448	0.00341296928328
25444	0.00341296928328
11655	0.00340136054422
41106	0.00337837837838
1743	0.00337268128162
38925	0.00337268128162
7214	0.003367003367
6444	0.00335570469799
29145	0.00334448160535
3273	0.00334075723831
5112	0.00332225913621
2007	0.00330396475771
34637	0.003300330033
34548	0.00328947368421
35563	0.00328407224959
1239	0.00327868852459
5512	0.00327868852459
35958	0.00326797385621
6360	0.00325732899023
52225	0.00324675324675
23999	0.00323624595469
20416	0.00322580645161
41098	0.00322580645161
37225	0.0032154340836
4396	0.00320512820513
28051	0.00317965023847
35237	0.0031746031746
40979	0.00316455696203
9200	0.0031612223393
1364	0.003125
17715	0.003125
900	0.00311041990669
17008	0.0030959752322
38262	0.0030959752322
25113	0.00307692307692
868	0.00307455803228
23150	0.00307219662058
33621	0.00306748466258
41032	0.00305810397554
1655	0.0030487804878
5643	0.0030487804878
18361	0.0030487804878
32453	0.0030487804878
511	0.00301204819277
893	0.00301204819277
14140	0.00298507462687
11	0.00297914597815
259	0.00297619047619
41029	0.00297619047619
41165	0.00297619047619
34683	0.00296735905045
11232	0.00295857988166
29845	0.00295857988166
41609	0.00294985250737
6427	0.00294464075383
2030	0.00294117647059
3943	0.00294117647059
3260	0.00292397660819
19601	0.00292397660819
29591	0.00292397660819
4485	0.00291545189504
7349	0.00291545189504
10250	0.00289855072464
4764	0.00289435600579
11307	0.0028818443804
18301	0.0028818443804
2186	0.00287769784173
50863	0.00286123032904
25554	0.00285714285714
26584	0.00285306704708
5503	0.00285171102662
47611	0.002849002849
3788	0.0028328611898
33850	0.00282485875706
50957	0.00282485875706
11727	0.00282220131703
40987	0.00281690140845
742	0.00279329608939
50855	0.00279329608939
1503	0.00278706800446
5432	0.00278357689631
22383	0.00277585010409
216	0.00277008310249
7317	0.00276243093923
41132	0.00276243093923
5622	0.00275482093664
9251	0.00275482093664
29854	0.00274725274725
879	0.0027397260274
51989	0.0027397260274
41097	0.00273224043716
28830	0.00272479564033
30471	0.00272479564033
41050	0.00271739130435
5809	0.00271002710027
4655	0.00270635994587
1497	0.00269687162891
20506	0.00269179004038
40962	0.00269058295964
869	0.00268817204301
8709	0.00267558528428
27949	0.00267379679144
16420	0.00266666666667
2840	0.00265017667845
1438	0.00263852242744
14207	0.00263852242744
18515	0.00263852242744
29218	0.00263852242744
36999	0.00263157894737
19547	0.00262467191601
867	0.0025974025974
870	0.00259067357513
23481	0.00259067357513
11664	0.00258397932817
41129	0.00258397932817
12969	0.00257731958763
5157	0.00253421186011
31483	0.00253164556962
30899	0.00250941028858
51096	0.0025
41031	0.00249376558603
15636	0.00248756218905
5420	0.00247831474597
932	0.00247524752475
6812	0.00245098039216
51019	0.00245098039216
1380	0.00243902439024
4711	0.00242130750605
20173	0.00239808153477
33678	0.00239234449761
41071	0.00238663484487
41027	0.00238095238095
4846	0.00235478806907
13111	0.00234879624193
25586	0.00234192037471
27890	0.00234192037471
7518	0.00232558139535
11675	0.00229357798165
562	0.00228832951945
22251	0.00228832951945
18613	0.00227963525836
689	0.00224719101124
3827	0.00224719101124
28832	0.00223713646532
26805	0.0022271714922
1399	0.00221729490022
20075	0.00221238938053
16447	0.00220750551876
4518	0.00219394471259
21545	0.00218340611354
2898	0.00217627856366
3280	0.00217391304348
40988	0.00217391304348
37961	0.00215982721382
18311	0.0021528525296
5693	0.00215053763441
15228	0.00214592274678
3419	0.00214132762313
35703	0.00213675213675
41044	0.00213675213675
7340	0.00212765957447
2745	0.00211416490486
5231	0.00208333333333
27865	0.00207039337474
5593	0.0020202020202
2344	0.00201612903226
41109	0.00199600798403
39785	0.001982160555
19598	0.001953125
36398	0.00194931773879
21797	0.00193798449612
9647	0.00193423597679
1118	0.00192802056555
5204	0.00192554557125
3733	0.00190114068441
28821	0.00189035916824
7312	0.00188235294118
40999	0.00186567164179
32862	0.00185873605948
4563	0.00185528756957
11769	0.00184501845018
22929	0.0018281535649
35136	0.00182481751825
2333	0.00182149362477
21745	0.0018018018018
11201	0.00179856115108
35178	0.00179856115108
38794	0.00177462289264
4489	0.00177304964539
25098	0.00176991150442
1931	0.0017667844523
13056	0.00176366843034
22744	0.00175901495163
37737	0.00175438596491
41074	0.00173010380623
5519	0.00172860847018
41116	0.00169779286927
76	0.00166251039069
31440	0.00166112956811
35049	0.0016155088853
12610	0.00161030595813
18456	0.0016077170418
17355	0.0016
13339	0.00158227848101
1064	0.00156739811912
39136	0.00154320987654
6304	0.00153374233129
17596	0.00151975683891
992	0.00151515151515
1135	0.00151285930408
5120	0.00149476831091
3059	0.00135685210312
2419	0.00133333333333
1422	0.00130890052356
2733	0.00130890052356
1680	0.0012853470437
1119	0.00124378109453
9642	0.00124223602484
41090	0.00123762376238
18307	0.00117647058824
38191	0.0011655011655
38203	0.00109529025192
25738	0.000868809730669
